 @ARTICLE{Abia:1988,
   author = {{Abia}, C. and {Rebolo}, R. and {Beckman}, J.~E. and {Crivellari}, L.
	},
    title = "{Abundances of light metals and NI in a sample of disc stars}",
  journal = {\aap},
     year = 1988,
    month = nov,
   volume = 206,
    pages = {100-107},
   adsurl = {http://esoads.eso.org/abs/1988A%26A...206..100A},
  adsnote = {Provided by the SAO/NASA Astrophysics Data System}
}
